<?xml version="1.0" encoding="UTF-8"?><collection xmlns="http://www.loc.gov/MARC21/slim"><record><leader>00460nam--2200181-i-4500</leader><controlfield tag="001">000046031</controlfield><controlfield tag="002">20161230</controlfield><controlfield tag="005">20161230201045</controlfield><controlfield tag="008">060222s1000------------r-----000-0-eng-d</controlfield><datafield ind1=" " ind2=" " tag="040"><subfield code="a">IFIN-HH</subfield></datafield><datafield ind1=" " ind2=" " tag="041"><subfield code="a">eng</subfield></datafield><datafield ind1=" " ind2=" " tag="080"><subfield code="a">535.51</subfield></datafield><datafield ind1="1" ind2=" " tag="100"><subfield code="a">Vasicek,A</subfield></datafield><datafield ind1="1" ind2="0" tag="245"><subfield code="a">Kontrola povrchu skla methodou polarimetrikou</subfield><subfield code="b">With a summary in English</subfield><subfield code="c">Antonin vasicek</subfield></datafield><datafield ind1=" " ind2=" " tag="260"><subfield code="a">/F.L.</subfield><subfield code="c">1949</subfield></datafield><datafield ind1=" " ind2=" " tag="300"><subfield code="a">14 P</subfield></datafield><datafield ind1=" " ind2=" " tag="852"><subfield code="a">175</subfield><subfield code="c">535</subfield></datafield><datafield ind1=" " ind2=" " tag="CAT"><subfield code="a">Sys</subfield><subfield code="c">20101014</subfield><subfield code="h">130009</subfield></datafield></record></collection>